@article{Jones:2006ih,
author = {Jones, Jonathan D G and Dangl, Jeffery L},
title = {{The plant immune system.}},
journal = {Nature},
year = {2006},
volume = {444},
number = {7117},
pages = {323--329},
month = nov
}
@article{Pumplin:2013ix,
author = {Pumplin, Nathan and Voinnet, Olivier},
title = {{RNA silencing suppression by plant pathogens: defence, counter-defence and counter-counter-defence.}},
journal = {Nature reviews. Microbiology},
year = {2013},
volume = {11},
number = {11},
pages = {745--760},
month = nov
}

@article{Page:2002ji,
author = {Page, Damian R and Grossniklaus, Ueli},
title = {{The art and design of genetic screens: Arabidopsis thaliana.}},
journal = {Nature reviews. Genetics},
year = {2002},
volume = {3},
number = {2},
pages = {124--136},
month = feb
}
@article{Goecks:2010ea,
author = {Goecks, Jeremy and Nekrutenko, Anton and Taylor, James and {Galaxy Team}},
title = {{Galaxy: a comprehensive approach for supporting accessible, reproducible, and transparent computational research in the life sciences.}},
journal = {Genome biology},
year = {2010},
volume = {11},
number = {8},
pages = {R86}
}
@Manual{FastQC,
  title = {FastQC: A quality control tool for high throughput sequence data.},
  author = {Simon Andrews},
  year = {2017},
  url = {https://www.bioinformatics.babraham.ac.uk/projects/fastqc/}
}
@article{Li:2009fi,
author = {Li, Heng and Durbin, Richard},
title = {{Fast and accurate short read alignment with Burrows-Wheeler transform.}},
journal = {Bioinformatics (Oxford, England)},
year = {2009},
volume = {25},
number = {14},
pages = {1754--1760},
month = jul
}
@article{Etherington:2014ba,
author = {Etherington, Graham J and Monaghan, Jacqueline and Zipfel, Cyril and MacLean, Dan},
title = {{Mapping mutations in plant genomes with the user-friendly web application CandiSNP.}},
journal = {Plant methods},
year = {2014},
volume = {10},
number = {1},
pages = {41}
}
@article{MacLean:2009hm,
author = {MacLean, Daniel and Jones, Jonathan D G and Studholme, David J},
title = {{Application of 'next-generation' sequencing technologies to microbial genetics.}},
journal = {Nature reviews. Microbiology},
year = {2009},
volume = {7},
number = {4},
pages = {287--296},
month = apr
}
@article{Luo:2012fn,
author = {Luo, Ruibang and Liu, Binghang and Xie, Yinlong and Li, Zhenyu and Huang, Weihua and Yuan, Jianying and He, Guangzhu and Chen, Yanxiang and Pan, Qi and Liu, Yunjie and Tang, Jingbo and Wu, Gengxiong and Zhang, Hao and Shi, Yujian and Liu, Yong and Yu, Chang and Wang, Bo and Lu, Yao and Han, Changlei and Cheung, David W and Yiu, Siu-Ming and Peng, Shaoliang and Xiaoqian, Zhu and Liu, Guangming and Liao, Xiangke and Li, Yingrui and Yang, Huanming and Wang, Jian and Lam, Tak-Wah and Wang, Jun},
title = {{SOAPdenovo2: an empirically improved memory-efficient short-read de novo assembler.}},
journal = {GigaScience},
year = {2012},
volume = {1},
number = {1},
pages = {18},
month = dec
}
@article{Trapnell:2009dp,
author = {Trapnell, Cole and Pachter, Lior and Salzberg, Steven L},
title = {{TopHat: discovering splice junctions with RNA-Seq.}},
journal = {Bioinformatics (Oxford, England)},
year = {2009},
volume = {25},
number = {9},
pages = {1105--1111},
month = may
}
@article{Langmead:2012jh,
author = {Langmead, Ben and Salzberg, Steven L},
title = {{Fast gapped-read alignment with Bowtie 2.}},
journal = {Nature methods},
year = {2012},
volume = {9},
number = {4},
pages = {357--359},
month = mar
}
@article{Anders:2010fu,
author = {Anders, Simon and Huber, Wolfgang},
title = {{Differential expression analysis for sequence count data.}},
journal = {Genome biology},
year = {2010},
volume = {11},
number = {10},
pages = {R106}
}
@article{Robinson:2010cw,
author = {Robinson, Mark D and McCarthy, Davis J and Smyth, Gordon K},
title = {{edgeR: a Bioconductor package for differential expression analysis of digital gene expression data.}},
journal = {Bioinformatics (Oxford, England)},
year = {2010},
volume = {26},
number = {1},
pages = {139--140},
month = jan
}











